@string {hp_nogaalon = "http://www.tau.ac.il/~nogaa/"}
@string {hp_anthonybonato = "http://math.ryerson.ca/~abonato/"}
@string {hp_jamescarraher = "http://www.unk.edu/academics/math/faculty-staff/dr-james-carraher.php"}
@string {hp_briancollier = "http://www.math.umd.edu/~bcollie2/"}
@string {hp_christophercox = "http://math.cmu.edu/~cocox/"}
@string {hp_catherineerbes = "http://www.hiram.edu/staff/catherine-erbes/"}
@string {hp_michaelferrara = "http://math.ucdenver.edu/~mferrara/"}
@string {hp_alanfrieze = "https://www.math.cmu.edu/~af1p/"}
@string {hp_stepheng.hartke = "http://www.math.ucdenver.edu/~hartkes/"}
@string {hp_elykerman = "http://www.math.uiuc.edu/~ekerman/"}
@string {hp_williamkinnersley = "http://www.math.uri.edu/meet/william-kinnersley/"}
@string {hp_nicholaskosar = "http://math.illinois.edu/~kosar2/"}
@string {hp_alexandrv.kostochka = "http://www.math.uiuc.edu/~kostochk/"}
@string {hp_lucaskramer = "https://www.bethelks.edu/why-bethel/people/employee-directory/&staffID=lkramer/"}
@string {hp_sarahloeb = "http://www.math.uiuc.edu/~sloeb2/"}
@string {hp_thomasmahoney = "https://www.emporia.edu/mathecon/faculty/tmahoney.html"}
@string {hp_ryanr.martin = "http://orion.math.iastate.edu/rymartin/"}
@string {hp_xavierperez-gimenez = "http://www.math.unl.edu/~xperezgimenez2/"}
@string {hp_sarkapetrickova = "http://www.math.uiuc.edu/~petrckv2/"}
@string {hp_pawelpralat = "http://www.math.ryerson.ca/~pralat/"}
@string {hp_heatherc.smith = "http://people.math.gatech.edu/~hsmith90/"}
@string {hp_ericsullivan = "http://math.ucdenver.edu/~sullivane/home.php"}
@string {hp_charlestomlinson = "http://www.math.unl.edu/~ctomlinson2/"}
@string {hp_douglasb.west = "http://www.math.illinois.edu/~dwest/"}
@string {hp_elyseyeager = "http://www.math.ubc.ca/~elyse/"}
@string {hp_xudingzhu = "http://www.math.nsysu.edu.tw/~zhu/"}
@string {hp_andrewzimmer = "http://math.uchicago.edu/~andrew.zimmer/"}


@article {DHPPPRT,
    AUTHOR = {Dewar, Megan and Healy, John and P\'erez-Gim\'enez, Xavier and Pra{\l}at, Pawe{\l} and Proos, John and Reiniger, Benjamin and Ternovsky, Kirill},
     UGRAD = {7},
      GRAD = {},
     TITLE = {Subhypergraphs in non-uniform random hypergraphs},
   JOURNAL = {Internet Math.},
  FJOURNAL = {Internet Mathematics},
      YEAR = {2018},
     PAGES = {1--23},
      ISSN = {1944-9488},
   MRCLASS = {05C80 (05C65)},
  MRNUMBER = {3789412},
     ARXIV = {1703.07686},
       DOI = {10.24166/im.03.2018},
}


@unpublished {FPPR,
    AUTHOR = {Frieze, Alan and P\'erez-Gim\'enez, Xavier and Pra{\l}at, Pawe{\l} and Reiniger, Benjamin},
     TITLE = {Perfect matchings and {H}amiltonian cycles in the preferential attachment model},
   JOURNAL = {Random Structures \& Algorithms},
      NOTE = {Accepted},
     ARXIV = {1610.07988},
     UGRAD = {},
      GRAD = {},
       DOI = {10.1002/rsa.20778},
}

@article {LMRW,
    AUTHOR = {Loeb, Sarah and Mahoney, Thomas and Reiniger, Benjamin and Wise, Jennifer},
     TITLE = {Dynamic coloring parameters for graphs with given genus},
  FJOURNAL = {Discrete Applied Mathematics},
   JOURNAL = {Discrete Appl. Math.},
    VOLUME = {235},
      YEAR = {2018},
     PAGES = {129--141},
       DOI = {10.1016/j.dam.2017.09.013},
     ARXIV = {1511.03983},
     UGRAD = {},
      GRAD = {},
  ABSTRACT = {test abstract},
}

@article {FKKMRSS,
    AUTHOR = {Ferrara, Michael and Kay, Bill and Kramer, Lucas and Martin, Ryan R. and Reiniger, Benjamin and Smith, Heather C. and Sullivan, Eric},
     TITLE = {The saturation number of induced subposets of the Boolean lattice},
   JOURNAL = {Discrete Math.},
  FJOURNAL = {Discrete Mathematics},
    VOLUME = {340},
    NUMBER = {10},
      YEAR = {2017},
     PAGES = {2479--2487},
       DOI = {10.1016/j.disc.2017.06.010},
     ARXIV = {1701.03010},
     UGRAD = {},
      GRAD = {},
}

@article {BPPR,
    AUTHOR = {Bonato, Anthony and P\'erez-Gim\'enez, Xavier and Pra{\l}at, Pawe{\l} and Reiniger, Benjamin},
     TITLE = {The game of overprescribed cops and robbers played on graphs},
   JOURNAL = {Graphs Combin.},
  FJOURNAL = {Graphs and Combinatorics},
    VOLUME = {33},
    NUMBER = {4},
      YEAR = {2017},
     PAGES = {801--815},
       DOI = {10.1007/s00373-017-1815-2},
     ARXIV = {1611.07592},
     UGRAD = {},
      GRAD = {},
}

@article {CKRW,
    AUTHOR = {Carraher, James and Kinnersley, William and Reiniger, Benjamin and West, Douglas B.},
     TITLE = {The game saturation number of a graph},
   JOURNAL = {J. Graph Theory},
  FJOURNAL = {Journal of Graph Theory},
    VOLUME = {85},
    NUMBER = {2},
      YEAR = {2017},
     PAGES = {481--495},
       DOI = {10.1002/jgt.22074},
     ARXIV = {1405.2834},
     UGRAD = {},
      GRAD = {},
}

@article {AKRWZ,
    AUTHOR = {Alon, Noga and Kostochka, Alexandr V. and Reiniger, Benjamin and West, Douglas B. and Zhu, Xuding},
     TITLE = {Coloring, sparseness, and girth},
   JOURNAL = {Israel J. Math.},
  FJOURNAL = {Israel Journal of Mathematics},
    VOLUME = {214},
    NUMBER = {1},
      YEAR = {2016},
     PAGES = {315--331},
       DOI = {10.1007/s11856-016-1361-2},
     ARXIV = {1412.8002},
     UGRAD = {},
      GRAD = {},
}

@article {RY,
    AUTHOR = {Reiniger, Benjamin and Yeager, Elyse},
     TITLE = {Large subposets with small dimension},
   JOURNAL = {Order},
  FJOURNAL = {Order},
    VOLUME = {33},
    NUMBER = {1},
      YEAR = {2016},
     PAGES = {81--84},
       DOI = {10.1007/s11083-015-9353-0},
     ARXIV = {1404.0021},
     UGRAD = {},
      GRAD = {},
}

@article {KR1,
    AUTHOR = {Kostochka, Alexandr V. and Reiniger, Benjamin},
     TITLE = {The minimum number of edges in a 4-critical graph that is bipartite plus 3 edges},
   JOURNAL = {European J. Combin.},
  FJOURNAL = {European Journal of Combinatorics},
    VOLUME = {46},
      YEAR = {2015},
     PAGES = {89--94},
       DOI = {10.1016/j.ejc.2014.12.002},
     UGRAD = {},
      GRAD = {},
}

@article {KPRY,
    AUTHOR = {Kosar, Nicholas and Petrickova, Sarka and Reiniger, Benjamin
              and Yeager, Elyse},
     TITLE = {A note on list-coloring powers of graphs},
   JOURNAL = {Discrete Math.},
  FJOURNAL = {Discrete Mathematics},
    VOLUME = {332},
      YEAR = {2014},
     PAGES = {10--14},
       DOI = {10.1016/j.disc.2014.05.008},
     ARXIV = {1309.7705},
     UGRAD = {},
      GRAD = {},
}

@article {BEFHRST,
    AUTHOR = {Behrens, Sarah and Erbes, Catherine and Ferrara, Michael
              and Hartke, Stephen G. and Reiniger, Benjamin and Spinoza, Hannah 
              and Tomlinson, Charles},
     TITLE = {New results on degree sequences of uniform hypergraphs},
   JOURNAL = {Electron. J. Combin.},
  FJOURNAL = {Electronic Journal of Combinatorics},
    VOLUME = {20},
      YEAR = {2013},
    NUMBER = {4},
     PAGES = {1--18 Paper 14},
       URL = {http://www.combinatorics.org/ojs/index.php/eljc/article/view/v20i4p14},
      ISSN = {1077-8926},
   MRCLASS = {05C65 (05C07)},
  MRNUMBER = {3139399},
     UGRAD = {},
      GRAD = {},
}


@article {MR2999311,
    AUTHOR = {Collier, Brian and Kerman, Ely and Reiniger, Benjamin 
              and Turmunkh, Bolor and Zimmer, Andrew},
     TITLE = {A symplectic proof of a theorem of {F}ranks},
   JOURNAL = {Compos. Math.},
  FJOURNAL = {Compositio Mathematica},
    VOLUME = {148},
      YEAR = {2012},
    NUMBER = {6},
     PAGES = {1969--1984},
      ISSN = {0010-437X},
   MRCLASS = {37Jxx (53D40)},
  MRNUMBER = {2999311},
       DOI = {10.1112/S0010437X12000474},
     UGRAD = {},
      GRAD = {},
}
